<?xml version="1.0"?>
<marc:collection xmlns:marc="http://www.loc.gov/MARC21/slim" xmlns:xsi="http://www.w3.org/2001/XMLSchema-instance" xsi:schemaLocation="http://www.loc.gov/MARC21/slim http://www.loc.gov/standards/marcxml/schema/MARC21slim.xsd">
   <marc:record type="Bibliographic">
      <marc:leader>01042cam a2200289Mi 4500</marc:leader>
      <marc:controlfield tag="001">2770329</marc:controlfield>
      <marc:controlfield tag="003">NjP</marc:controlfield>
      <marc:controlfield tag="005">20121024161823.0</marc:controlfield>
      <marc:controlfield tag="008">920123s1960    iq            000 0 ara d</marc:controlfield>
      <marc:datafield tag="024" ind1="7" ind2=" ">
         <marc:subfield code="a">princeton_aco000121</marc:subfield>
         <marc:subfield code="2">local</marc:subfield>
      </marc:datafield>
      <marc:datafield tag="035" ind1=" " ind2=" ">
         <marc:subfield code="a">(OCoLC)ocn178433304</marc:subfield>
      </marc:datafield>
      <marc:datafield tag="035" ind1=" " ind2=" ">
         <marc:subfield code="a">(OCoLC)ocm33923469</marc:subfield>
      </marc:datafield>
      <marc:datafield tag="040" ind1=" " ind2=" ">
         <marc:subfield code="a">HLS</marc:subfield>
         <marc:subfield code="c">PUL</marc:subfield>
         <marc:subfield code="d">PUL</marc:subfield>
      </marc:datafield>
      <marc:datafield tag="035" ind1=" " ind2=" ">
         <marc:subfield code="a">(OCoLC)178433304</marc:subfield>
      </marc:datafield>
      <marc:datafield tag="035" ind1=" " ind2=" ">
         <marc:subfield code="9">CNG7021TS</marc:subfield>
      </marc:datafield>
      <marc:datafield tag="035" ind1=" " ind2=" ">
         <marc:subfield code="a">(NjP)2770329</marc:subfield>
      </marc:datafield>
      <marc:datafield tag="079" ind1=" " ind2=" ">
         <marc:subfield code="a">ocm33923469</marc:subfield>
      </marc:datafield>
      <marc:datafield tag="049" ind1=" " ind2=" ">
         <marc:subfield code="a">PULL</marc:subfield>
      </marc:datafield>
      <marc:datafield tag="245" ind1="0" ind2="0">
         <marc:subfield code="6">880-01</marc:subfield>
         <marc:subfield code="a">Mahraja&#x304;n al-Rus&#x323;a&#x304;fi&#x304;, 1959 /</marc:subfield>
         <marc:subfield code="c">Ittih&#x323;a&#x304;d al-Udaba&#x304;&#x2BC; fi&#x304; al-&#x2BB;Ira&#x304;q.</marc:subfield>
      </marc:datafield>
      <marc:datafield tag="260" ind1=" " ind2=" ">
         <marc:subfield code="6">880-02</marc:subfield>
         <marc:subfield code="a">Baghda&#x304;d :</marc:subfield>
         <marc:subfield code="b">Ittih&#x323;a&#x304;d al-Udaba&#x304;&#x2BC; fi&#x304; al-&#x2BB;Ira&#x304;q,</marc:subfield>
         <marc:subfield code="c">[1960?]</marc:subfield>
      </marc:datafield>
      <marc:datafield tag="300" ind1=" " ind2=" ">
         <marc:subfield code="a">132 p. ;</marc:subfield>
         <marc:subfield code="c">24 cm.</marc:subfield>
      </marc:datafield>
      <marc:datafield tag="650" ind1=" " ind2="0">
         <marc:subfield code="a">Arabic literature.</marc:subfield>
      </marc:datafield>
      <marc:datafield tag="710" ind1="2" ind2=" ">
         <marc:subfield code="6">880-03</marc:subfield>
         <marc:subfield code="a">Ittih&#x323;a&#x304;d al-Udaba&#x304;&#x2BC; fi&#x304; al-&#x2BB;Ira&#x304;q.</marc:subfield>
      </marc:datafield>
      <marc:datafield tag="880" ind1="0" ind2="0">
         <marc:subfield code="6">245-01/r</marc:subfield>
         <marc:subfield code="a">&#x645;&#x647;&#x631;&#x62C;&#x627;&#x646; &#x627;&#x644;&#x631;&#x635;&#x627;&#x641;&#x64A;&#x60C; 1959 /</marc:subfield>
         <marc:subfield code="c">&#x627;&#x62A;&#x62D;&#x627;&#x62F; &#x627;&#x644;&#x627;&#x62F;&#x628;&#x627;&#x621; &#x641;&#x64A; &#x627;&#x644;&#x639;&#x631;&#x627;&#x642;.</marc:subfield>
      </marc:datafield>
      <marc:datafield tag="880" ind1=" " ind2=" ">
         <marc:subfield code="6">260-02/r</marc:subfield>
         <marc:subfield code="a">&#x628;&#x63A;&#x62F;&#x627;&#x62F; :</marc:subfield>
         <marc:subfield code="b">&#x627;&#x62A;&#x62D;&#x627;&#x62F; &#x627;&#x644;&#x627;&#x62F;&#x628;&#x627;&#x621; &#x641;&#x64A; &#x627;&#x644;&#x639;&#x631;&#x627;&#x642;&#x60C;</marc:subfield>
         <marc:subfield code="c">[1960&#x61F;]</marc:subfield>
      </marc:datafield>
      <marc:datafield tag="880" ind1="2" ind2=" ">
         <marc:subfield code="6">710-03/r</marc:subfield>
         <marc:subfield code="a">&#x627;&#x62A;&#x62D;&#x627;&#x62F; &#x627;&#x644;&#x627;&#x62F;&#x628;&#x627;&#x621; &#x641;&#x64A; &#x627;&#x644;&#x639;&#x631;&#x627;&#x642;.</marc:subfield>
      </marc:datafield>
      <marc:datafield tag="911" ind1=" " ind2=" ">
         <marc:subfield code="a">20000130</marc:subfield>
      </marc:datafield>
      <marc:datafield tag="994" ind1=" " ind2=" ">
         <marc:subfield code="a">C0</marc:subfield>
         <marc:subfield code="b">PUL</marc:subfield>
      </marc:datafield>
      <marc:datafield tag="999" ind1=" " ind2=" ">
         <marc:subfield code="a">2770329</marc:subfield>
      </marc:datafield>
   </marc:record>
</marc:collection>
